%% This BibTeX bibliography file was created using BibDesk.
%% http://bibdesk.sourceforge.net/

%% Created for Yuxuan at 2017-09-28 23:28:08 -0700 


%% Saved with string encoding Unicode (UTF-8) 


@comment{jabref-meta: databaseType:bibtex;}



@webpage{OICA2017,
	Date-Added = {2017-09-29 06:08:22 +0000},
	Date-Modified = {2017-09-29 06:10:20 +0000},
	Lastchecked = {2017-09-29},
	Url = {http://www.oica.net/category/production-statistics/},
	Year = {2017}}

@article{lee2011will,
title={Will Electric Cars Transform the U.S. Market},
author={Lee, Henry and Grant, Lovellette},
journal={The American Economic Review},
year={2011}}


@article{liu2011internet,
	Author = {Liu, N},
	Journal = {Huawei WinWin},
	Pages = {23--28},
	Title = {Internet of Vehicles: Your next connection},
	Volume = {11},
	Year = {2011}}

@article{toledo2008vehicle,
	Author = {Toledo, Tomer and Musicant, Oren and Lotan, Tsippy},
	Journal = {Transportation Research Part C: Emerging Technologies},
	Number = {3},
	Pages = {320--331},
	Publisher = {Elsevier},
	Title = {In-vehicle data recorders for monitoring and feedback on drivers' behavior},
	Volume = {16},
	Year = {2008}}

@article{kowshik2011provable,
	Author = {Kowshik, Hemant and Caveney, Derek and Kumar, PR},
	Journal = {IEEE transactions on vehicular technology},
	Number = {3},
	Pages = {804--818},
	Publisher = {IEEE},
	Title = {Provable systemwide safety in intelligent intersections},
	Volume = {60},
	Year = {2011}}

@inproceedings{baruya1994investigation,
	Author = {Baruya, A and Finch, DJ},
	Booktitle = {TRAFFIC MANAGEMENT AND ROAD SAFETY. PROCEEDINGS OF SEMINAR J HELD AT THE 22ND PTRC EUROPEAN TRANSPORT FORUM, UNIVERSITY OF WARWICK, ENGLAND, SEPTEMBER 12-16, 1994. VOLUME P381},
	Title = {Investigation of traffic speeds and accidents on urban roads},
	Year = {1994}}

@article{bordoff2008pay,
	Author = {Bordoff, Jason and Noel, Pascal},
	Journal = {Hamilton Project Discussion Paper},
	Title = {Pay-as-you-drive auto insurance: A simple way to reduce driving-related harms and increase equity},
	Year = {2008}}


@article{chipman1982role,
	Author = {Chipman, Mary L},
	Journal = {Accident Analysis \& Prevention},
	Number = {6},
	Pages = {475--483},
	Publisher = {Elsevier},
	Title = {The role of exposure, experience and demerit point levels in the risk of collision},
	Volume = {14},
	Year = {1982}}

@article{cirillo1968interstate,
	Author = {Cirillo, Julie Anna},
	Journal = {Public roads},
	Title = {Interstate system accident research study II, interim report II},
	Year = {1968}}

@article{ferreira2010pay,
	Author = {Ferreira, J and Minike, E},
	Journal = {Massachusetts Institute of Technology (http://dusp. mit. edu/) for the Conservation Law Foundation, http://www. clf. org/, http://www. clf. org/our-work/healthy-communities/modernizing-transportation/pay-as-you-drive-auto-insurance-payd},
	Title = {Pay-as-you-drive Auto Insurance in Massachusetts: A Risk Assessment and Report on Consumer, Industry and Environmental Benefits. Department of Urban Studies and Planning, Massachusetts Institute of Technology},
	Year = {2010}}

@article{fildes1991speed,
	Author = {Fildes, BN and Rumbold, G and Leening, A},
	Journal = {Monash University Accident Research Centre, Report},
	Pages = {91},
	Title = {Speed behaviour and drivers' attitude to speeding},
	Volume = {16},
	Year = {1991}}

@article{foldvary1975road,
	Author = {Foldvary, LA},
	Journal = {Accident Analysis \& Prevention},
	Number = {2},
	Pages = {97--127},
	Publisher = {Elsevier},
	Title = {Road accident involvement per miles travelled---II},
	Volume = {8},
	Year = {1975}}

@book{harkey1990assessment,
	Author = {Harkey, David L and Robertson, H Douglas and Davis, Scott E},
	Number = {1281},
	Title = {Assessment of current speed zoning criteria},
	Year = {1990}}

@article{janke1991accidents,
	Author = {Janke, Mary K},
	Journal = {Accident Analysis \& Prevention},
	Number = {2},
	Pages = {183--188},
	Publisher = {Elsevier},
	Title = {Accidents, mileage, and the exaggeration of risk},
	Volume = {23},
	Year = {1991}}

@article{jovanis1986modeling,
	Author = {Jovanis, Paul P and Chang, Hsin-Li},
	Journal = {Transportation Research Record},
	Pages = {42--51},
	Title = {Modeling the relationship of accidents to miles traveled},
	Volume = {1068},
	Year = {1986}}

@article{jun2007relationships,
	Author = {Jun, Jungwook and Ogle, Jennifer and Guensler, Randall},
	Journal = {Transportation Research Record: Journal of the Transportation Research Board},
	Number = {2019},
	Pages = {246--255},
	Publisher = {Transportation Research Board of the National Academies},
	Title = {Relationships between crash involvement and temporal-spatial driving behavior activity patterns: use of data for vehicles with global positioning systems},
	Year = {2007}}

@book{kloeden2002reanalysis,
	Author = {Kloeden, Craig Norman and McLean, Jack and Glonek, Garique Francis Vladimir},
	Publisher = {Australian Transport Safety Bureau},
	Title = {Reanalysis of travelling speed and the risk of crash involvement in Adelaide South Australia},
	Year = {2002}}

@article{langford2008defence,
	Author = {Langford, Jim and Koppel, Sjaanie and McCarthy, Dennis and Srinivasan, Sivaramakrishnan},
	Journal = {Accident Analysis \& Prevention},
	Number = {6},
	Pages = {1996--1999},
	Publisher = {Elsevier},
	Title = {In defence of the `low-mileage bias'},
	Volume = {40},
	Year = {2008}}

@misc{litman2011distance,
	Author = {Litman, T},
	Publisher = {Technical Report},
	Title = {Distance-based vehicle insurance feasibility, costs and benefits. Victoria Transport Policy Institute},
	Year = {2011}}

@article{lourens1999annual,
	Author = {Lourens, Peter F and Vissers, Jan AMM and Jessurun, Maaike},
	Journal = {Accident Analysis \& Prevention},
	Number = {5},
	Pages = {593--597},
	Publisher = {Elsevier},
	Title = {Annual mileage, driving violations, and accident involvement in relation to drivers' sex, age, and level of education},
	Volume = {31},
	Year = {1999}}

@article{paefgen2014multivariate,
	Author = {Paefgen, Johannes and Staake, Thorsten and Fleisch, Elgar},
	Journal = {Transportation Research Part A: Policy and Practice},
	Pages = {27--40},
	Publisher = {Elsevier},
	Title = {Multivariate exposure modeling of accident risk: Insights from Pay-as-you-drive insurance data},
	Volume = {61},
	Year = {2014}}

@book{sppedandaccidents,
	Author = {Research Triangle Institute},
	Title = {Speed and Accident, vol. II. Final Report, Summary and Conclusions, May},
	Year = {1970}}

@article{staplin2008low,
	Author = {Staplin, Loren and Gish, Kenneth W and Joyce, John},
	Journal = {Accident Analysis \& Prevention},
	Number = {3},
	Pages = {1249--1252},
	Publisher = {Elsevier},
	Title = {`Low mileage bias' and related policy implications---A cautionary note},
	Volume = {40},
	Year = {2008}}

@article{west1971accidents,
	Author = {West, Leonard B and Dunn, JW},
	Journal = {Traffic Engineering, Inst Traffic Engr},
	Title = {Accidents, speed deviation and speed limits},
	Year = {1971}}

@article{ferreira2012measuring,
	Author = {Ferreira Jr, Joseph and Minikel, Eric},
	Journal = {Transportation Research Record: Journal of the Transportation Research Board},
	Number = {2297},
	Pages = {97--103},
	Publisher = {Transportation Research Board of the National Academies},
	Title = {Measuring per mile risk for pay-as-you-drive automobile insurance},
	Year = {2012}}

@article{brijs2006impact,
  title={Impact of hourly measured speed on accident risk in The Netherlands: results from exploratory study using geographic information systems},
 
	author={Brijs, Tom and Wets, Geert and Krimpenfort, Robin and Offermans, Col},
  
	journal={Transportation Research Record: Journal of the Transportation Research Board},
  
	number={1972},
  pages={85--93},
  year={2006},
  
	publisher={Transportation Research Board of the National Academies}
}

@article{jun2011differences,
	Author = {Jun, Jungwook and Guensler, Randall and Ogle, Jennifer},
	Journal = {Transportation research part C: emerging technologies},
	Number = {4},
	Pages = {569--578},
	Publisher = {Elsevier},
	Title = {Differences in observed speed patterns between crash-involved and crash-not-involved drivers: Application of in-vehicle monitoring technology},
	Volume = {19},
	Year = {2011}}

@article{gordon2011analysis,
	Author = {Gordon, Tim and Kostyniuk, Lidia and Green, Paul and Barnes, Michelle and Blower, Daniel and Blankespoor, Adam and Bogard, Scott},
	Journal = {Transportation Research Record: Journal of the Transportation Research Board},
	Number = {2237},
	Pages = {1--9},
	Publisher = {Transportation Research Board of the National Academies},
	Title = {Analysis of crash rates and surrogate events: unified approach},
	Year = {2011}}

@article{wu2012crashes,
	Author = {Wu, Kun-Feng and Jovanis, Paul P},
	Journal = {Accident Analysis \& Prevention},
	Pages = {507--516},
	Publisher = {Elsevier},
	Title = {Crashes and crash-surrogate events: Exploratory modeling with naturalistic driving data},
	Volume = {45},
	Year = {2012}}

@article{jovanis2011analysis,
	Author = {Jovanis, Paul and Aguero-Valverde, Jonathan and Wu, Kun-Feng and Shankar, Venky},
	Journal = {Transportation Research Record: Journal of the Transportation Research Board},
	Number = {2236},
	Pages = {49--57},
	Publisher = {Transportation Research Board of the National Academies},
	Title = {Analysis of naturalistic driving event data: Omitted-variable bias and multilevel modeling approaches},
	Year = {2011}}

@article{paefgen2013evaluation,
	Author = {Paefgen, Johannes and Staake, Thorsten and Thiesse, Fr{\'e}d{\'e}ric},
	Journal = {Decision Support Systems},
	Pages = {192--201},
	Publisher = {Elsevier},
	Title = {Evaluation and aggregation of pay-as-you-drive insurance rate factors: A classification analysis approach},
	Volume = {56},
	Year = {2013}}

@article{musicant2010electronic,
	Author = {Musicant, Oren and Bar-Gera, Hillel and Schechtman, Edna},
	Journal = {Transportation research part F: traffic psychology and behaviour},
	Number = {2},
	Pages = {71--79},
	Publisher = {Elsevier},
	Title = {Electronic records of undesirable driving events},
	Volume = {13},
	Year = {2010}}

@article{ayusoanalyzing,
	Author = {Ayuso, Mercedes and Guill{\'e}n, Montserrat and P{\'e}rez-Mar{\'\i}n, Ana Mar{\'\i}a},
	Title = {Analyzing the effect of driving patterns on the risk of accident in young drivers with Pay-As-You-Drive insurance},
	journal={Accident Analysis \& Prevention},
	Volume = {73},
	pages={125-131},
	year={2014}
	}


@techreport{neale2002100,
	Author = {Neale, VL and Klauer, SG and Knipling, RR and Dingus, TA and Holbrook, GT and Petersen, A},
	Title = {The 100 car naturalistic driving study, Phase I-experimental design},
	Year = {2002}}

@article{recorders2001summary,
	Author = {Recorders, Event Data},
	Journal = {Final report. National Highway Traffic Safety Administration, Motor Vehicle Safety Research Advisory Committee, Event Data Recorder Working Group, Washington, DC},
	Title = {Summary of Findings by the NHTSA EDR Working Group},
	Year = {2001}}

@inproceedings{chidester2001real,
	Author = {Chidester, ACD and Hinch, John and Roston, Thomas A},
	Booktitle = {Proceedings of the 17th International Technical Conference on the Enhanced Safety of Vehicles (ESV), paper},
	Title = {Real world experience with event data recorders},
	Volume = {247},
	Year = {2001}}

@inproceedings{correia2001utilizing,
	Author = {Correia, Joe T and Iliadis, Ken A and McCarron, Ed S and Smolej, Mario A and Hastings, Boulding and Engineers, Correia Consulting},
	Booktitle = {Proceedings of the Canadian Multidisciplinary Road Safety Conference XII, London Ontario},
	Title = {Utilizing data from automotive event data recorders},
	Year = {2001}}

@techreport{dingus2006100,
	Author = {Dingus, Thomas A and Klauer, Sheila G and Neale, Vicki L and Petersen, A and Lee, Suzanne E and Sudweeks, JD and Perez, MA and Hankey, J and Ramsey, DJ and Gupta, S and others},
	Title = {The 100-car naturalistic driving study, Phase II-results of the 100-car field experiment},
	Year = {2006}}

@article{fangchun2014overview,
	Author = {Fangchun, Yang and Shangguang, Wang and Jinglin, Li and Zhihan, Liu and Qibo, Sun},
	Journal = {China Communications},
	Number = {10},
	Pages = {1--15},
	Publisher = {IEEE},
	Title = {An overview of internet of vehicles},
	Volume = {11},
	Year = {2014}}

@misc{BTS2017,
	Author = {{Bureau of Transportation Statistics}},
	Howpublished = {\url{https://www.rita.dot.gov/bts/sites/rita.dot.gov.bts/files/publications/national_transportation_statistics/html/table_01_23.html}},
	Publisher = {{Department of Transportation}},
	Title = {{National Transportation Statistics: World Motor Vehicle Production, Selected Countries}},
	Year = {2017}}

@inproceedings{ye2011exploiting,
	Author = {Ye, Mao and Yin, Peifeng and Lee, Wang-Chien and Lee, Dik-Lun},
	Booktitle = {Proceedings of the 34th international ACM SIGIR conference on Research and development in Information Retrieval},
	Organization = {ACM},
	Pages = {325--334},
	Title = {Exploiting geographical influence for collaborative point-of-interest recommendation},
	Year = {2011}}

@misc{wiki:Pointofinterest,
	Author = {Wikipedia},
	Note = {[Online; accessed 8-August-2016]},
	Title = {Plagiarism --- {W}ikipedia{,} The Free Encyclopedia},
	Url = {\url{https://en.wikipedia.org/wiki/Point_of_interest}},
	Year = {2016},
	Bdsk-Url-1 = {https://en.wikipedia.org/wiki/Point_of_interest}}

@article{karagiannis2011vehicular,
	Author = {Karagiannis, Georgios and Altintas, Onur and Ekici, Eylem and Heijenk, Geert and Jarupan, Boangoat and Lin, Kenneth and Weil, Timothy},
	Journal = {IEEE communications surveys \& tutorials},
	Number = {4},
	Pages = {584--616},
	Publisher = {IEEE},
	Title = {Vehicular networking: A survey and tutorial on requirements, architectures, challenges, standards and solutions},
	Volume = {13},
	Year = {2011}}

@article{mclaughlin2008method,
	Author = {McLaughlin, Shane B and Hankey, Jonathan M and Dingus, Thomas A},
	Journal = {Accident Analysis \& Prevention},
	Number = {1},
	Pages = {8--16},
	Publisher = {Elsevier},
	Title = {A method for evaluating collision avoidance systems using naturalistic driving data},
	Volume = {40},
	Year = {2008}}

@article{akaike1987factor,
	Author = {Akaike, Hirotugu},
	Journal = {Psychometrika},
	Number = {3},
	Pages = {317--332},
	Publisher = {Springer},
	Title = {Factor analysis and AIC},
	Volume = {52},
	Year = {1987}}

@article{harbage2010usage,
	Author = {Harbage, Robin},
	Title = {Usage-based Auto Insurance (UBI)},
	Year = {2010}}

@article{bolderdijk2011effects,
	Author = {Bolderdijk, JW and Knockaert, J and Steg, EM and Verhoef, ET},
	Journal = {Accident Analysis \& Prevention},
	Number = {3},
	Pages = {1181--1186},
	Publisher = {Elsevier},
	Title = {Effects of Pay-As-You-Drive vehicle insurance on young drivers' speed choice: Results of a Dutch field experiment},
	Volume = {43},
	Year = {2011}}

@article{parry2005pay,
	Author = {Parry, Ian WH},
	Journal = {American Economic Review},
	Pages = {288--293},
	Publisher = {JSTOR},
	Title = {Is Pay-as-You-Drive insurance a better way to reduce gasoline than gasoline taxes?},
	Year = {2005}}

@inproceedings{ye2011exploiting,
	Author = {Ye, Mao and Yin, Peifeng and Lee, Wang-Chien and Lee, Dik-Lun},
	Booktitle = {Proceedings of the 34th international ACM SIGIR conference on Research and development in Information Retrieval},
	Organization = {ACM},
	Pages = {325--334},
	Title = {Exploiting geographical influence for collaborative point-of-interest recommendation},
	Year = {2011}}

@inproceedings{yuan2013time,
	Author = {Yuan, Quan and Cong, Gao and Ma, Zongyang and Sun, Aixin and Thalmann, Nadia Magnenat},
	Booktitle = {Proceedings of the 36th international ACM SIGIR conference on Research and development in information retrieval},
	Organization = {ACM},
	Pages = {363--372},
	Title = {Time-aware point-of-interest recommendation},
	Year = {2013}}

@inproceedings{liu2013learning,
	Author = {Liu, Bin and Fu, Yanjie and Yao, Zijun and Xiong, Hui},
	Booktitle = {Proceedings of the 19th ACM SIGKDD international conference on Knowledge discovery and data mining},
	Organization = {ACM},
	Pages = {1043--1051},
	Title = {Learning geographical preferences for point-of-interest recommendation},
	Year = {2013}}

@inproceedings{veloso2011urban,
	Author = {Veloso, Marco and Phithakkitnukoon, Santi and Bento, Carlos},
	Booktitle = {Proceedings of the 2011 international workshop on Trajectory data mining and analysis},
	Organization = {ACM},
	Pages = {23--30},
	Title = {Urban mobility study using taxi traces},
	Year = {2011}}

@article{noulas2011empirical,
	Author = {Noulas, Anastasios and Scellato, Salvatore and Mascolo, Cecilia and Pontil, Massimiliano},
	Journal = {ICwSM},
	Pages = {70--573},
	Title = {An Empirical Study of Geographic User Activity Patterns in Foursquare.},
	Volume = {11},
	Year = {2011}}

@inproceedings{yuan2012discovering,
	Author = {Yuan, Jing and Zheng, Yu and Xie, Xing},
	Booktitle = {Proceedings of the 18th ACM SIGKDD international conference on Knowledge discovery and data mining},
	Organization = {ACM},
	Pages = {186--194},
	Title = {Discovering regions of different functions in a city using human mobility and POIs},
	Year = {2012}}

@article{litman2007distance,
  title={Distance-based vehicle insurance feasibility, costs and benefits},
  author={Litman, Todd},
  journal={Victoria},
  volume={11},
  year={2007}
}

@article{wolfe1982concept,
title={The concept of exposure to the risk of a road traffic accident and an overview of exposure data collection methods},
author={Wolfe, Arthur C},
journal={Accident Analysis \& Prevention},
volume={14},
number={5},
pages={337--340},
year={1982},
publisher={Elsevier}
}

@unpublished{chenyu2017poi,
    author  = "Chen, Yu and Pan, Rui and Wang, Hansheng",
    title   = "Analyzing Beijing Point of Interest Data Using Grop Linked Cox Process",
    year    = "2017",
    note    = "Working paper",
}

@article{litman2008pay,
  title={Pay-as-you-drive insurance: recommendations for implementation},
  author={Litman, Todd},
  year={2008}
}

@inproceedings{liu2017risky,
  Title={A Risky Driving Behavior Scoring Model for the Personalized Automobile Insurance Pricing},
  Author={Liu, Zhishuo and Shen, Qianhui and Li, Han and Ma, Jingmiao},
  Booktitle={Proceedings of the 2nd International Conference on Crowd Science and Engineering},
  Pages={61--67},
  Year={2017},
  Organization={ACM}
}

@techreport{dingus2006100,
  title={The 100-car naturalistic driving study, Phase II-results of the 100-car field experiment},
  author={Dingus, Thomas A and Klauer, Sheila G and Neale, Vicki L and Petersen, A and Lee, Suzanne E and Sudweeks, JD and Perez, MA and Hankey, J and Ramsey, DJ and Gupta, S and others},
  year={2006}
}


